% This file was created with JabRef 2.7.1.
% Encoding: Cp1252

@MISC{aal,
  author = {{Helmut Schäfer}},
  title = {{Ambient Assisted Living (AAL) - Altersgerechte Assistenzsysteme als Hilfe für künftiges Wohnen und sicheres Leben}},
  howpublished = {\url{http://nullbarriere.de/aal-altersgerechte-assistenzsysteme.htm}},
  year = {2012},
  note = {[Online; accessed 30-Mai-2015]}
}

@MISC{aaltm,
  author = {{VDE-Institut}},
  title = {{Ambient Assisted Living (AAL) und TeleMonitoring}},
  howpublished = {\url{https://www.vde.com/de/Institut/Querschnittstechnologien/IntelligenteHeimvernetzung/anwendungsszenarien/Seiten/AmbientAssistedLiving.aspx}},
  year = {2015},
  note = {[Online; accessed 30-Mai-2015]}
}

